@misc{risc_spec,
  author = {Waterman, Andrew and Asanovic, Krste},
  publisher = {RISC-V},
  title = {The RISC-V Instruction Set Manual Volume I: User-Level ISA Document Version 2.2},
  url = {https://github.com/riscv/riscv-isa-manual/releases/download/Ratified-IMAFDQC/riscv-spec-20191213.pdf},
  urldate = {2022-10-06},
  year = {2019}
}